@article{originalNeat,
author = {Stanley, Kenneth and Miikkulainen, Risto},
year = {2002},
month = {02},
pages = {99-127},
title = {Evolving Neural Networks through Augmenting Topologies},
volume = {10},
journal = {Evolutionary computation},
doi = {10.1162/106365602320169811}
}
@inproceedings{gymnasium,
  author = {Lucas N. Alegre and Florian	Felten and El-Ghazali Talbi and Gr{\'e}goire Danoy and Ann Now{\'e} and Ana L. C. Bazzan and Bruno C. da Silva},
  title = {{MO-Gym}: A Library of Multi-Objective Reinforcement Learning Environments},
  booktitle = {Proceedings of the 34th Benelux Conference on Artificial Intelligence BNAIC/Benelearn 2022},
  year = {2022}
} 